@article{OZSAHIN2020183,

title = {Biomedical Signal Processing and Artificial Intelligence in Healthcare},
publisher = {Academic Press},
volume = "1",
pages = "183-206",
year = {2020},
journal = {Developments in Biomedical Engineering and Bioelectronics},
issn = {25897527},
doi = {https://doi.org/10.1016/B978-0-12-818946-7.00007-X},
url = {https://www.sciencedirect.com/science/article/pii/B978012818946700007X},
author = {I. Ozsahin and D. U. Ozsahin}
}


@book{indrayan2008medical,
  title="Medical Biostatistics",
  author={Indrayan, A.},
  isbn={9781584888888},
  url={https://books.google.co.uk/books?id=WZ7SBQAAQBAJ},
  year={2008},
}

@misc{kaggle,
	title = {Bayesian Model Averaging Regression},
    howpublished = {\url{https://kaggle.com/billbasener/bayesian-model-averaging-regression-tutorial}},
	abstract = {Explore and run machine learning code with Kaggle Notebooks {\textbar} Using data from SAT Score Data By State},
	language = {en},
	urldate = {2022-04-28},
	author = {Basener, Bill},
	year = {2020},
	note = {last accessed on 28/04/2022}
}

@article{Pratik,
    author = "P. Chaudhari et al.",
    title = "Entropy-SGD: biasing gradient descent into wide valleys",
    journal = "J. Stat. Mech.",
    volume = "",
    number = "",
    pages = "",
    year = "2019",
    DOI = "",
    keywords = ""
}

@article{Tom,
    author = "T. Goldstein et al.",
    title = "Visualizing the Loss Landscape of Neural Nets",
    journal = "NeurIPS",
    volume = "31",
    number = "",
    pages = "",
    year = "2018",
    DOI = "",
    keywords = ""
}

@article{Sepp,
    author = "S. Hochreiter, J. Schmidhuber",
    title = "Flat Minima",
    journal = "Neural Computation",
    volume = "9",
    number = "",
    pages = "1-42",
    year = "1997",
    DOI = "",
    keywords = ""
}

@article{Nitish,
    author = "N. S. Keskar et al.",
    title = "On Large-Batch Training for Deep Learning: Generalization Gap and Sharp Minima",
    journal = "ICLR",
    volume = "2017",
    number = "",
    pages = "",
    year = "2017",
    DOI = "",
    keywords = ""
}

@article{brooks_general_1998,
	title = {General {Methods} for {Monitoring} {Convergence} of {Iterative} {Simulations}},
	volume = {7},
	issn = {10618600},
	url = {https://www.jstor.org/stable/1390675?origin=crossref},
	doi = {10.2307/1390675},
	number = {4},
	urldate = {2022-04-21},
	journal = {Journal of Computational and Graphical Statistics},
	author = {Brooks, S. P. and Gelman, A.},
	year = {1998},
	pages = {434},
}


@article{gelman_inference_1992,
	title = {Inference from {Iterative} {Simulation} {Using} {Multiple} {Sequences}},
	volume = {7},
	issn = {0883-4237},
	url = {https://projecteuclid.org/journals/statistical-science/volume-7/issue-4/Inference-from-Iterative-Simulation-Using-Multiple-Sequences/10.1214/ss/1177011136.full},
	doi = {10.1214/ss/1177011136},
	number = {4},
	urldate = {2022-04-21},
	journal = {Statistical Science},
	author = {Gelman, A. and Rubin, D. B.},
	year = {1992},
}

@article{roberts1965,
author = { H. V.   Roberts },
title = {Probabilistic Prediction},
journal = {Journal of the American Statistical Association},
volume = {60},
number = {309},
pages = {50-62},
year  = {1965},
publisher = {Taylor & Francis},
doi = {10.1080/01621459.1965.10480774},

URL = { 
        https://www.tandfonline.com/doi/abs/10.1080/01621459.1965.10480774
    
},
eprint = { 
        https://www.tandfonline.com/doi/pdf/10.1080/01621459.1965.10480774
    
}

}
@article{friel_estimating_2012,
	title = {Estimating the evidence - a review},
	volume = {66},
	issn = {00390402},
	shorttitle = {Estimating the evidence - a review},
	url = {https://onlinelibrary.wiley.com/doi/10.1111/j.1467-9574.2011.00515.x},
	doi = {10.1111/j.1467-9574.2011.00515.x},
	language = {en},
	number = {3},
	urldate = {2022-04-22},
	journal = {Statistica Neerlandica},
	author = {Friel, N. and Wyse, J.},
	year = {2012},
	pages = {288--308},
}

@article{yarin2016uncertainty,
  title={Uncertainty in deep learning},
  author={Y. Gal},
  journal={University of Cambridge, Cambridge},
  year={2016}
}

@article{reliablitiy,

  author={Bosio, A. and Bernardi, P. and Ruospo, A. and Sanchez, E.},

  journal={2019 IEEE Latin American Test Symposium (LATS)}, 

  title={A Reliability Analysis of a Deep Neural Network}, 

  year={2019},

  doi={10.1109/LATW.2019.8704548}}


@article{fragoso_bayesian_2018,
	title = {Bayesian {Model} {Averaging}: {A} {Systematic} {Review} and {Conceptual} {Classification}: {BMA}: {A} {Systematic} {Review}},
	volume = {86},
	issn = {03067734},
	shorttitle = {Bayesian {Model} {Averaging}},
	url = {https://onlinelibrary.wiley.com/doi/10.1111/insr.12243},
	doi = {10.1111/insr.12243},
	language = {en},
	number = {1},
	urldate = {2022-04-22},
	journal = {International Statistical Review},
	author = {Fragoso, T. M. and Bertoli, W. and Louzada, F.},
	year = {2018},
	pages = {1--28},
}
